%% LaTeX2e file `markovbib.bib'
%% generated by the `filecontents' environment
%% from source `regular-transition-matrices' on 2017/12/02.
%%
@book{friedberg2003linear,
  title={Linear Algebra},
  author={Friedberg, S.H. and Insel, A.J. and Spence, L.E.},
  isbn={9780130084514},
  lccn={96026503},
  series={Featured Titles for Linear Algebra (Advanced) Series},
  url={https://books.google.com/books?id=HCUlAQAAIAAJ},
  year={2003},
  publisher={Pearson Education}
}
