@ARTICLE{2005math......5624K,
   author = {{Kassabov}, M.},
    title = "{Symmetric Groups and Expander Graphs}",
  journal = {ArXiv Mathematics e-prints},
   eprint = {math/0505624},
 keywords = {Group Theory, Combinatorics, Primary 20B30, Secondary 05C25, 05E15, 20C30, 20F69},
     year = 2005,
    month = may,
   adsurl = {http://adsabs.harvard.edu/abs/2005math......5624K},
  adsnote = {Provided by the SAO/NASA Astrophysics Data System}
}

@article{tobincayley,
  title={Bubbles, Pancakes, and Optimal Routing: A Tale of Cayley Graphs},
  author={Tobin, Joseph},
  year = {2017}
  }

@article{blum1991noninteractive,
  title={Noninteractive zero-knowledge},
  author={Blum, Manuel and De Santis, Alfredo and Micali, Silvio and Persiano, Giuseppe},
  journal={SIAM Journal on Computing},
  volume={20},
  number={6},
  pages={1084--1118},
  year={1991},
  publisher={SIAM}
}

@ARTICLE{Hoory06expandergraphs,
    author = {Shlomo Hoory and Nathan Linial and Avi Wigderson},
    title = {Expander graphs and their applications},
    journal = {BULL. AMER. MATH. SOC. },
    year = {2006},
    volume = {43},
    number = {4},
    pages = {439--561}
}

@BOOK{KatzLiBook,
  title = {Introduction to Modern Cryptography (Chapman \& Hall/Crc Cryptography
  and Network Security Series)},
  publisher = {Chapman \& Hall/CRC},
  year = {2007},
  author = {Katz,, Jonathan and Lindell,, Yehuda},
  date-added = {2012-06-15 17:39:12 +0000},
  date-modified = {2012-06-15 17:39:12 +0000},
  isbn = {1584885513}
}

@article{reicher2001psychology,
  title={The psychology of crowd dynamics},
  author={Reicher, Stephen},
  journal={Blackwell handbook of social psychology: Group processes},
  pages={182--208},
  year={2001}
}

@inproceedings{Barreno:2006:MLS:1128817.1128824,
 author = {Barreno, Marco and Nelson, Blaine and Sears, Russell and Joseph, Anthony D. and Tygar, J. D.},
 title = {Can Machine Learning Be Secure?},
 booktitle = {Proceedings of the 2006 ACM Symposium on Information, Computer and Communications Security},
 series = {ASIACCS '06},
 year = {2006},
 isbn = {1-59593-272-0},
 location = {Taipei, Taiwan},
 pages = {16--25},
 numpages = {10},
 url = {http://doi.acm.org/10.1145/1128817.1128824},
 doi = {10.1145/1128817.1128824},
 acmid = {1128824},
 publisher = {ACM},
 address = {New York, NY, USA},
 keywords = {adversarial learning, computer networks, computer security, game theory, intrusion detection, machine learning, security metrics, spam filters, statistical learning},
} 


@inproceedings{miers2013zerocoin,
  title={Zerocoin: Anonymous distributed e-cash from bitcoin},
  author={Miers, Ian and Garman, Christina and Green, Matthew and Rubin, Aviel D},
  booktitle={Security and Privacy (SP), 2013 IEEE Symposium on},
  pages={397--411},
  year={2013},
  organization={IEEE}
}

@article{wood2014ethereum,
  title={Ethereum: A secure decentralised generalised transaction ledger},
  author={Wood, Gavin},
  journal={Ethereum Project Yellow Paper},
  year={2014}
}

@misc{wikiexpgraph,
   author = {Wikipedia},
   title = {Expander graph},
   year = {2017},
   howpublished = {http://en.wikipedia.org/w/index.php?title=Expander\%20graph},
   note = {Online; accessed 03-May-2017}
 }

@misc{libsnark,
    title = {C++ library for zkSNARKS},
    author = {SCIPR Lab},
    howpublished = {\url{https://github.com/scipr-lab/libsnark}},
    note = {Accessed: 2016-11-9}
}

@misc{zcashzksnarkblog,
    title = {zkSNARKS in Ethereum},
    author = {Sean Bowe},
    howpublished = {\url{https://z.cash/blog/zksnarks-in-ethereum.html}},
    note = {Accessed: 2016-11-9}
}

@misc{ethereumzksnarkblog,
    title = {zkSNARKS in a nutshell},
    author = {Christian Reitwiessner},
    howpublished = {\url{https://blog.ethereum.org/2016/12/05/zksnarks-in-a-nutshell}},
    note = {Accessed: 2016-11-9}
}

@article{Akers:1989:GMS:63350.63357,
 author = {Akers, S. B. and Krishnamurthy, B.},
 title = {A Group-Theoretic Model for Symmetric Interconnection Networks},
 journal = {IEEE Trans. Comput.},
 issue_date = {April 1989},
 volume = {38},
 number = {4},
 month = apr,
 year = {1989},
 issn = {0018-9340},
 pages = {555--566},
 numpages = {12},
 url = {http://dx.doi.org/10.1109/12.21148},
 doi = {10.1109/12.21148},
 acmid = {63357},
 publisher = {IEEE Computer Society},
 address = {Washington, DC, USA},
 keywords = {Cayley graph model, combinatorial problems, finite groups, graph theory, group-theoretic model, multiprocessor interconnection networks., pancake graphs, star graphs, symmetric interconnection networks},
} 

@book{krebs2011expander,
  title={Expander Families and Cayley Graphs: A Beginner's Guide},
  author={Krebs, M. and Shaheen, A.},
  isbn={9780199767113},
  lccn={2011027928},
  series={EBSCO ebook academic collection},
  url={https://books.google.com/books?id=GVOcmY4-o-oC},
  year={2011},
  publisher={Oxford University Press, USA}
}



@misc{ethercamp,
  title = hack.ether.camp,
  howpublished = {https://hack.ether.camp/showcase}},
  note = {Accessed: 2016-11-9}
}

@misc{daocoindesk,
  title = {The DAO: Or How A Leaderless Ethereum Project Raised 50 Million},
  author = {Michael del Castillo},
  howpublished = {http://www.coindesk.com/the-dao-just-raised-50-million-but-what-is-it/}},
  note = {Accessed: 2016-11-9}
}

@article{DBLP:journals/corr/abs-1111-3114,
  author    = {Ashwin Ganesan},
  title     = {On a bound for the diameter of Cayley networks of symmetric groups
               generated by transposition trees},
  journal   = {CoRR},
  volume    = {abs/1111.3114},
  year      = {2011},
  url       = {http://arxiv.org/abs/1111.3114},
  timestamp = {Mon, 05 Dec 2011 18:05:01 +0100},
  biburl    = {http://dblp.uni-trier.de/rec/bib/journals/corr/abs-1111-3114},
  bibsource = {dblp computer science bibliography, http://dblp.org}
}





@misc{zcash,
  title = zcash.com,
  howpublished = {\url{https://z.cash/about.html}},
  note = {Accessed: 2016-11-9}
}

@misc{graphdiameter,
  title = mathworld.wolfram.com,
  howpublished = {http://mathworld.wolfram.com/GraphDiameter.html},
  note = {Accessed: 2017-4-26}
}

@misc{netflix,
  title = netflix.com,
  howpublished = {https://media.netflix.com/en/company-blog/},
  note = {Accessed: 2017-4-25}
}

@misc{bitcoin-class,
    title = bitcoin-class.org,
    howpublished = {\url{http://bitcoin-class.org/}},
    note = {Accessed: 2016-9-12},
    author = {David Evans}
}

@misc{nizklecture,
  author        = {Sanjam Garg},
  scribe        = {Preetum Nakkiram},
  title         = {Lecture 10: Non-Interactive Zero-Knowledge (NIZK) and the
Hidden-Bit Model},
  month         = {October},
  year          = {2014},
  university={University of California, Berkeley}

}

@inproceedings{groth2010short,
  title={Short non-interactive zero-knowledge proofs},
  author={Groth, Jens},
  booktitle={International Conference on the Theory and Application of Cryptology and Information Security},
  pages={341--358},
  year={2010},
  organization={Springer Berlin Heidelberg}
}

@article{goldwasser1989knowledge,
  title={The knowledge complexity of interactive proof systems},
  author={Goldwasser, Shafi and Micali, Silvio and Rackoff, Charles},
  journal={SIAM Journal on computing},
  volume={18},
  number={1},
  pages={186--208},
  year={1989},
  publisher={SIAM}
}

@inproceedings{blazy2015non,
  title={Non-interactive zero-knowledge proofs of non-membership},
  author={Blazy, Olivier and Chevalier, C{\'e}line and Vergnaud, Damien},
  booktitle={Cryptographersâ€™ Track at the RSA Conference},
  pages={145--164},
  year={2015},
  organization={Springer International Publishing}
}

@inproceedings{unruh2015non,
  title={Non-interactive zero-knowledge proofs in the quantum random oracle model},
  author={Unruh, Dominique},
  booktitle={Annual International Conference on the Theory and Applications of Cryptographic Techniques},
  pages={755--784},
  year={2015},
  organization={Springer Berlin Heidelberg}
}



@article{WuWang,
  title={A Survey of Noninteractive Zero Knowledge Proof System and Its Applications},
  author={Wu, Huixin and Wang, Feng},
  journal={The Scientific World Journal},
  volume={2014},
  year={2014},
  url={https://www.hindawi.com/journals/tswj/2014/560484/cta/}

}

@misc{nakamoto2008bitcoin,
  title={Bitcoin: A peer-to-peer electronic cash system},
  author={Nakamoto, Satoshi},
  year={2008}
}

@inproceedings{ben2014succinct,
  title={Succinct non-interactive zero knowledge for a von Neumann architecture},
  author={Ben-Sasson, Eli and Chiesa, Alessandro and Tromer, Eran and Virza, Madars},
  booktitle={23rd USENIX Security Symposium (USENIX Security 14)},
  pages={781--796},
  year={2014}
}

@inproceedings{Blum:1988:NZA:62212.62222,
 author = {Blum, Manuel and Feldman, Paul and Micali, Silvio},
 title = {Non-interactive Zero-knowledge and Its Applications},
 booktitle = {Proceedings of the Twentieth Annual ACM Symposium on Theory of Computing},
 series = {STOC '88},
 year = {1988},
 isbn = {0-89791-264-0},
 location = {Chicago, Illinois, USA},
 pages = {103--112},
 numpages = {10},
 url = {http://doi.acm.org/10.1145/62212.62222},
 doi = {10.1145/62212.62222},
 acmid = {62222},
 publisher = {ACM},
 address = {New York, NY, USA},
}

@inproceedings{sasson2014zerocash,
  title={Zerocash: Decentralized anonymous payments from bitcoin},
  author={Sasson, Eli Ben and Chiesa, Alessandro and Garman, Christina and Green, Matthew and Miers, Ian and Tromer, Eran and Virza, Madars},
  booktitle={2014 IEEE Symposium on Security and Privacy},
  pages={459--474},
  year={2014},
  organization={IEEE}
}

@inproceedings{egners2012messing,
  title={Messing with Android's permission model},
  author={Egners, Andre and Meyer, Ulrike and Marschollek, Bj{\"o}rn},
  booktitle={Trust, Security and Privacy in Computing and Communications (TrustCom), 2012 IEEE 11th International Conference on},
  pages={505--514},
  year={2012},
  organization={IEEE}
}

@misc{casteel2012exploiting,
  title={Exploiting common intent vulnerabilities in android applications},
  author={Casteel, DW Kelly and Derby, Owen and Wilson, D},
  year={2012},
  publisher={MIT CSAIL Computer Systems Security Group}
}

@article{marforio2011application,
  title={Application collusion attack on the permission-based security model and its implications for modern smartphone systems},
  author={Marforio, Claudio and Capkun, Srdjan and others},
  year={2011}
}

@misc{androidreference,
  title = developer.android.com,
  howpublished = {https://developer.android.com/guide/components/intents-common.html},
  note = {Accessed: 2017-9}
}

@misc{exportreference,
  title = developer.android.com,
  howpublished = {https://developer.android.com/guide/topics/manifest/activity-element.html},
  note = {Accessed: 2017-10}
  }

@misc{sointents,
  title = stackoverflow.com,
  howpublished = {https://stackoverflow.com/questions/2209513/how-to-start-activity-in-another-application},
  note = {Accessed: 2017-10}
}


@misc{androidstoresearch,
  title = play.google.com,
  howpublished = {https://play.google.com/store/search?q=encrypted%20chat&c=apps},
  note = {Accessed: 2017-10}
}

@misc{wiredencryption,
  title = wired.com,
  howpublished = {https://www.wired.com/2017/04/encrypted-chat-took-now-encrypted-callings-turn/},
  note = {Accessed: 2017-10}
}

@misc{trustwaveskype,
  title = trustwave.com,
  howpublished = {https://www.trustwave.com/Resources/SpiderLabs-Blog/A-Backdoor-in-Skype-for-Mac-OS-X/},
  note = {Accessed: 2017-10}
}

@misc{gizmodotelegram,
  title = gizmodo.com,
  howpublished = {https://gizmodo.com/why-you-should-stop-using-telegram-right-now-1782557415},
  note = {Accessed: 2017-10}
}

@misc{venturebeatwhatsapp,
  title = venturebeat.com,
  howpublished = {https://venturebeat.com/2016/05/04/3-potential-holes-in-whatsapps-end-to-end-encryption/},
  note = {Accessed: 2017-10}
}

@inproceedings{Chen:2014:ODM:2660267.2660323,
 author = {Chen, Eric Y. and Pei, Yutong and Chen, Shuo and Tian, Yuan and Kotcher, Robert and Tague, Patrick},
 title = {OAuth Demystified for Mobile Application Developers},
 booktitle = {Proceedings of the 2014 ACM SIGSAC Conference on Computer and Communications Security},
 series = {CCS '14},
 year = {2014},
 isbn = {978-1-4503-2957-6},
 location = {Scottsdale, Arizona, USA},
 pages = {892--903},
 numpages = {12},
 url = {http://doi.acm.org/10.1145/2660267.2660323},
 doi = {10.1145/2660267.2660323},
 acmid = {2660323},
 publisher = {ACM},
 address = {New York, NY, USA},
 keywords = {android, iOS, mobile platform, same-origin policy},
} 

@misc{threatpostsignal,
  title = threatpost.com,
  howpublished = {https://threatpost.com/signal-audit-reveals-protocol-cryptographically-sound/121892/},
  note = {Accessed: 2017-10}
}



  
